<record><leader>00000cas a2200000 i 4500</leader><controlfield tag="001">908843836</controlfield><controlfield tag="006">m     o  d        </controlfield><controlfield tag="007">cr |||||||||||</controlfield><controlfield tag="008">150513d19161955ndudn neo     0   a0eng  </controlfield><datafield ind1=" " ind2=" " tag="010"><subfield code="a">  2015218760</subfield></datafield><datafield ind1=" " ind2=" " tag="040"><subfield code="a">DLC</subfield><subfield code="b">eng</subfield><subfield code="e">rda</subfield><subfield code="c">DLC</subfield><subfield code="d">DLC</subfield><subfield code="d">OCLCF</subfield></datafield><datafield ind1="0" ind2=" " tag="022"><subfield code="a">2379-1217</subfield><subfield code="2">1</subfield></datafield><datafield ind1=" " ind2=" " tag="042"><subfield code="a">pcc</subfield><subfield code="a">nsdp</subfield></datafield><datafield ind1=" " ind2=" " tag="043"><subfield code="a">n-us-nd</subfield></datafield><datafield ind1="1" ind2="0" tag="050"><subfield code="a">ISSN RECORD</subfield></datafield><datafield ind1="0" ind2="0" tag="082"><subfield code="a">071</subfield><subfield code="2">23</subfield></datafield><datafield ind1="0" ind2=" " tag="130"><subfield code="a">Grand Forks herald (1916 : Evening)</subfield></datafield><datafield ind1=" " ind2="0" tag="222"><subfield code="a">Grand Forks herald</subfield><subfield code="b">(1916 : Evening. Online)</subfield></datafield><datafield ind1="0" ind2="0" tag="245"><subfield code="a">Grand Forks herald.</subfield></datafield><datafield ind1=" " ind2=" " tag="250"><subfield code="a">Evening ed.</subfield></datafield><datafield ind1=" " ind2="1" tag="264"><subfield code="a">Grand Forks, N.D. :</subfield><subfield code="b">Grand Forks Herald Co.,</subfield><subfield code="c">1916-</subfield></datafield><datafield ind1=" " ind2=" " tag="300"><subfield code="a">1 online resource</subfield></datafield><datafield ind1=" " ind2=" " tag="310"><subfield code="a">Daily (except Sun.)</subfield></datafield><datafield ind1=" " ind2=" " tag="336"><subfield code="a">text</subfield><subfield code="b">txt</subfield><subfield code="2">rdacontent</subfield></datafield><datafield ind1=" " ind2=" " tag="337"><subfield code="a">computer</subfield><subfield code="b">c</subfield><subfield code="2">rdamedia</subfield></datafield><datafield ind1=" " ind2=" " tag="338"><subfield code="a">online resource</subfield><subfield code="b">cr</subfield><subfield code="2">rdacarrier</subfield></datafield><datafield ind1="1" ind2=" " tag="362"><subfield code="a">Began with vol. 11, no. 155 (July 1, 1916); ceased February 26, 1955.</subfield></datafield><datafield ind1=" " ind2=" " tag="580"><subfield code="a">Morning ed.:  Grand Forks herald (Grand Forks, N.D. : 1916 : Morning), 1916-1955.</subfield></datafield><datafield ind1=" " ind2=" " tag="580"><subfield code="a">Weekly ed.:  Weekly times-herald (Grand Forks, N.D.), 1916.</subfield></datafield><datafield ind1=" " ind2=" " tag="588"><subfield code="a">Description based on: Vol. 11, no. 155 (July 1, 1916); title from masthead (Chroniclingamerica.loc.gov, viewed May 13, 2015).</subfield></datafield><datafield ind1=" " ind2=" " tag="588"><subfield code="a">Latest issue consulted: Volume 17, numberr 309 (December 30, 1922 (Chroniclingamerica.loc.gov, viewed May 13, 2015).</subfield></datafield><datafield ind1=" " ind2="0" tag="651"><subfield code="a">Grand Forks (N.D.)</subfield><subfield code="v">Newspapers.</subfield></datafield><datafield ind1=" " ind2="7" tag="655"><subfield code="a">Newspapers.</subfield><subfield code="2">fast</subfield><subfield code="0">(OCoLC)fst01423814</subfield></datafield><datafield ind1=" " ind2="7" tag="651"><subfield code="a">North Dakota</subfield><subfield code="z">Grand Forks.</subfield><subfield code="2">fast</subfield><subfield code="0">(OCoLC)fst01213010</subfield></datafield><datafield ind1=" " ind2=" " tag="752"><subfield code="a">United States</subfield><subfield code="b">North Dakota</subfield><subfield code="c">Grand Forks</subfield><subfield code="d">Grand Forks.</subfield></datafield><datafield ind1="1" ind2=" " tag="775"><subfield code="t">Grand Forks herald (Grand Forks, N.D. : 1916 : Morning)</subfield></datafield><datafield ind1="1" ind2=" " tag="775"><subfield code="t">Weekly times-herald (Grand Forks, N.D.)</subfield></datafield><datafield ind1="0" ind2="8" tag="776"><subfield code="i">Originally issued in print:</subfield><subfield code="t">Grand Forks herald (1916 : Evening)</subfield><subfield code="x">2379-1209</subfield><subfield code="w">(DLC)sn 85042414</subfield><subfield code="w">(OCoLC)12360797</subfield></datafield><datafield ind1="0" ind2="0" tag="780"><subfield code="t">Grand Forks daily herald (1914)</subfield><subfield code="x">2379-1195</subfield><subfield code="w">(DLC)  2015218759</subfield><subfield code="w">(OCoLC)908836798</subfield></datafield><datafield ind1="4" ind2="0" tag="856"><subfield code="u">http://www.loc.gov/chroniclingamerica/lccn/sn85042414/issues</subfield></datafield></record>